@incollection{backstroke2-rc2015,
year={2015},
isbn={978-3-319-20859-6},
booktitle={Reversible Computation},
volume={9138},
series={Lecture Notes in Computer Science},
editor={Krivine, Jean and Stefani, Jean-Bernard},
doi={10.1007/978-3-319-20860-2_6},
title={Reverse Code Generation for Parallel Discrete Event Simulation},
url={http://dx.doi.org/10.1007/978-3-319-20860-2_6},
publisher={Springer International Publishing},
author={Schordan, Markus and Jefferson, David and Barnes, Peter and Oppelstrup, Tomas and Quinlan, Daniel},
pages={95-110},
language={English}
}
